<?xml version="1.0" encoding="UTF-8"?><record xmlns="http://www.loc.gov/MARC21/slim" xmlns:cinclude="http://apache.org/cocoon/include/1.0" xmlns:zs="http://www.loc.gov/zing/srw/">
  <leader>00633cz  a2200157n  4500</leader>
  <controlfield tag="001">n  98004583 </controlfield>
  <controlfield tag="003">DLC</controlfield>
  <controlfield tag="005">20001122070625.0</controlfield>
  <controlfield tag="008">980115n| acannaabn          |a aaa      </controlfield>
  <datafield tag="010" ind1=" " ind2=" ">
    <subfield code="a">n  98004583 </subfield>
  </datafield>
  <datafield tag="035" ind1=" " ind2=" ">
    <subfield code="a">(OCoLC)oca04603117</subfield>
  </datafield>
  <datafield tag="040" ind1=" " ind2=" ">
    <subfield code="a">DLC</subfield>
    <subfield code="b">eng</subfield>
    <subfield code="c">DLC</subfield>
    <subfield code="d">DLC</subfield>
    <subfield code="d">OCoLC</subfield>
  </datafield>
  <datafield tag="100" ind1="1" ind2=" ">
    <subfield code="a">Asprino de Febres, Marilena</subfield>
  </datafield>
  <datafield tag="400" ind1="1" ind2=" ">
    <subfield code="a">Febres, Marilena Asprino de</subfield>
  </datafield>
  <datafield tag="400" ind1="1" ind2=" ">
    <subfield code="a">De Febres, Marilena Asprino</subfield>
  </datafield>
  <datafield tag="670" ind1=" " ind2=" ">
    <subfield code="a">La criminalizacioĚn de los danĚos ambientales en Venezuela, 1996:</subfield>
    <subfield code="b">t.p. (Marilena Asprino de Febres) flap of cover (lawyer; member of environmental commission of the Univ. de los Andes; prof., School of law, Univ. de los Andes)</subfield>
  </datafield>
</record>